%
% Knihy
%

@book{kniha_1,
    author = "Ellen Lupton",
    title = "Thinking with Type: A Critical Guide for Designers, Writers, Editors, and  Students",
    publisher = "Princeton Architectural Press",
    year = "2004",
    volume = "1.~vyd.",
    isbn = "978-1-56898-448-3",
}

@book{kniha_2,
    author = "Jason Santa Maria",
    title = "On Web Typography",
    publisher = "A Book Apart",
    year = "2014",
    volume = "1.~vyd.",
    isbn = "978-1-9375570-6-5",
}

@book{magazin,
    title = "Baseline",
    number = 19,
    publisher = "Bradbourne Publishing",
    year = 1995,
    address = "United Kingdom",
    issn = "0954-9226",
}

%
% Magaziny
%

@article{mag_clanek_1,
    author = "Steven Heller",
    title = "Type as agent of Power",
    journal = "Baseline",
    year = 2017,
    volume = 62,
    publisher = "Bradbourne Publishing",
    address = "United Kingdom",
    issn = "0954-9226",
    pages = 89,
}

@article{mag_clanek_2,
    author = "Teresa Monachino",
    title = "Let the work speak for itself",
    journal = "Baseline",
    year = 2015,
    volume = 59,
    publisher = "Bradbourne Publishing",
    address = "United Kingdom",
    issn = "0954-9226",
    pages = 92,
}


%
% Online
%

@misc{online_1,
    title = "Responsivn\'{i} design webu",
    author = "Bohumil Jahoda",
    howpublished = "online",
    cited = "!2017-04-17",
    revised = "Posledn\'{i} zm\v{e}na 24. 10. 2014",
    url = "http://jecas.cz/responsivni-web",
}

@misc{online_2,
    title = "Readable Wearables",
    author = "MATT GRIFFIN",
    howpublished = "online",
    cited = "!2017-04-13",
    revised = "Posledn\'{i} zm\v{e}na 19. 3. 2015",
    url = "https://alistapart.com/column/readable-wearables",
}

@misc{online_3,
    title = "The Art Of Calligraphy: Getting Started And Lessons Learned",
    author = "Anastasia Shevchuk",
    howpublished = "online",
    cited = "!2017-04-15",
    revised = "Posledn\'{i} zm\v{e}na 27. 2. 2017",
    url = "http://bit.ly/2lRpnEU",
}

%
% Prace
%

@bachelorthesis{prace_1,
    author = "Greplov\'{a}, Krist\'{y}na",
    title = "Experiment\'{a}ln\'{i} typografie - zkoum\'{a}n\'{i} anatomie p\'{i}sma",
    school = "VUT v Brn\v{e}",
    address = "Brno",
    year = "2010",
}

@masterthesis{prace_2,
    author = "Peter Bedn\'{a}r",
    title = "Tvorba p\'{i}sma OpenType voln\v{e} dostupn\'{y}mi softwarov\'{y}mi prost\v{r}edky",
    school = "VUT Brno",
    address = "Brno",
    year = "2011",
}